%% This BibTeX bibliography file was created using BibDesk.
%% http://bibdesk.sourceforge.net/


%% Created for Tao Yurong at 2014-07-22 19:15:35 +0200 


%% Saved with string encoding Unicode (UTF-8) 



@book{latex,
	Author = {Leslie Lamport},
	Date-Added = {2014-07-22 17:15:31 +0000},
	Date-Modified = {2014-07-22 17:15:31 +0000},
	Publisher = {Addison-Wesley Professional},
	Title = {LaTeX : A Documentation Preparation System User's Guide and Reference Manual},
	Year = {1994}}

@article{ref:1,
	Author = {Dey, Anind K},
	Journal = {Personal and ubiquitous computing},
	Number = {1},
	Pages = {4--7},
	Publisher = {Springer-Verlag},
	Title = {Understanding and using context},
	Volume = {5},
	Year = {2001}}

@incollection{ref:2,
	Author = {Adomavicius, Gediminas and Tuzhilin, Alexander},
	Booktitle = {Recommender systems handbook},
	Pages = {217--253},
	Publisher = {Springer},
	Title = {Context-aware recommender systems},
	Year = {2011}}

@article{ref:3,
	Author = {Dey, Anind K and Abowd, Gregory D and Salber, Daniel},
	Journal = {Human-computer interaction},
	Number = {2},
	Pages = {97--166},
	Publisher = {L. Erlbaum Associates Inc.},
	Title = {A conceptual framework and a toolkit for supporting the rapid prototyping of context-aware applications},
	Volume = {16},
	Year = {2001}}

@electronic{ref:4,
	Author = {Francesco Ricci},
	Date-Added = {2014-07-22 14:39:09 +0000},
	Date-Modified = {2014-07-22 14:43:38 +0000},
	Title = {Contextualizing Contextualizing Recommendations},
	Url = {http://recsys.acm.org/wp-content/uploads/2012/09/cars12-keynote.pdf},
	Bdsk-Url-1 = {http://recsys.acm.org/wp-content/uploads/2012/09/cars12-keynote.pdf}}

@article{ref:5,
	Author = {Baltrunas, Linas and Ludwig, Bernd and Peer, Stefan and Ricci, Francesco},
	Journal = {Personal and Ubiquitous Computing},
	Number = {5},
	Pages = {507--526},
	Publisher = {Springer-Verlag},
	Title = {Context relevance assessment and exploitation in mobile recommender systems},
	Volume = {16},
	Year = {2012}}

@article{ref:6,
	Author = {Schilit, Bill N and Theimer, Marvin M},
	Journal = {Network, IEEE},
	Number = {5},
	Pages = {22--32},
	Publisher = {IEEE},
	Title = {Disseminating active map information to mobile hosts},
	Volume = {8},
	Year = {1994}}

@article{ref:7,
	Author = {Brown, Peter J and Bovey, John D and Chen, Xian},
	Journal = {Personal Communications, IEEE},
	Number = {5},
	Pages = {58--64},
	Publisher = {IEEE},
	Title = {Context-aware applications: from the laboratory to the marketplace},
	Volume = {4},
	Year = {1997}}

@inproceedings{ref:8,
	Author = {Ryan, Nick S and Pascoe, Jason and Morse, David R},
	Booktitle = {Computer applications in archaeology},
	Organization = {Tempus Reparatum},
	Title = {Enhanced reality fieldwork: the context-aware archaeological assistant},
	Year = {1998}}

@article{ref:9,
	Author = {Dey, Anind K and Abowd, Gregory D and Salber, Daniel},
	Journal = {Human-computer interaction},
	Number = {2},
	Pages = {97--166},
	Publisher = {L. Erlbaum Associates Inc.},
	Title = {A conceptual framework and a toolkit for supporting the rapid prototyping of context-aware applications},
	Volume = {16},
	Year = {2001}}

@article{ref:10,
	Author = {Dourish, Paul},
	Journal = {Personal and ubiquitous computing},
	Number = {1},
	Pages = {19--30},
	Publisher = {Springer},
	Title = {What we talk about when we talk about context},
	Volume = {8},
	Year = {2004}}

@inproceedings{ref:11,
	Author = {Dey, Anind K},
	Booktitle = {Proceedings of the AAAI 1998 Spring Symposium on Intelligent Environments},
	Pages = {51--54},
	Title = {Context-aware computing: The CyberDesk project},
	Year = {1998}}

@book{ref:12,
	Author = {Savage, Norma Saiph and Baranski, Maciej and Chavez, Norma Elva and H{\"o}llerer, Tobias},
	Publisher = {Springer},
	Title = {I'm feeling loco: A location based context aware recommendation system},
	Year = {2012}}

@inproceedings{ref:13,
	Author = {Bellotti, Victoria and Begole, Bo and Chi, Ed H and Ducheneaut, Nicolas and Fang, Ji and Isaacs, Ellen and King, Tracy and Newman, Mark W and Partridge, Kurt and Price, Bob and others},
	Booktitle = {Proceedings of the SIGCHI Conference on Human Factors in Computing Systems},
	Organization = {ACM},
	Pages = {1157--1166},
	Title = {Activity-based serendipitous recommendations with the Magitti mobile leisure guide},
	Year = {2008}}

@techreport{ref:14,
	Author = {Chen, Guanling and Kotz, David and others},
	Institution = {Technical Report TR2000-381, Dept. of Computer Science, Dartmouth College},
	Title = {A survey of context-aware mobile computing research},
	Year = {2000}}

@inproceedings{ref:15,
	Author = {Schilit, Bill and Adams, Norman and Want, Roy},
	Booktitle = {Mobile Computing Systems and Applications, 1994. WMCSA 1994. First Workshop on},
	Organization = {IEEE},
	Pages = {85--90},
	Title = {Context-aware computing applications},
	Year = {1994}}

@url{ref:16,
	Author = {Wikipedia},
	Date-Added = {2014-07-22 14:51:50 +0000},
	Date-Modified = {2014-07-22 14:53:23 +0000},
	Month = {July},
	Title = {Google driverless car},
	Url = {http://en.wikipedia.org/wiki/Google_driverless_car},
	Year = {2014},
	Bdsk-Url-1 = {http://en.wikipedia.org/wiki/Google_driverless_car}}

@inproceedings{ref:17,
	Author = {Strang, Thomas and Linnhoff-Popien, Claudia},
	Booktitle = {Workshop Proceedings},
	Title = {A context modeling survey},
	Year = {2004}}

@inproceedings{ref:18,
	Author = {Baltrunas, Linas and Ludwig, Bernd and Ricci, Francesco},
	Booktitle = {Proceedings of the 16th international conference on Intelligent user interfaces},
	Organization = {ACM},
	Pages = {287--290},
	Title = {Context relevance assessment for recommender systems},
	Year = {2011}}

@article{ref:19,
	Author = {Palmisano, Cosimo and Tuzhilin, Alexander and Gorgoglione, Michele},
	Journal = {Knowledge and Data Engineering, IEEE Transactions on},
	Number = {11},
	Pages = {1535--1549},
	Publisher = {IEEE},
	Title = {Using context to improve predictive modeling of customers in personalization applications},
	Volume = {20},
	Year = {2008}}

@book{ref:21,
	Author = {Ricci, Francesco and Rokach, Lior and Shapira, Bracha},
	Publisher = {Springer},
	Title = {Introduction to recommender systems handbook},
	Year = {2011}}

@incollection{ref:22,
	Author = {Lorenzi, Fabiana and Ricci, Francesco},
	Booktitle = {Intelligent Techniques for Web Personalization},
	Pages = {89--113},
	Publisher = {Springer},
	Title = {Case-based recommender systems: a unifying view},
	Year = {2005}}

@article{ref:23,
	Author = {Burke, Robin},
	Journal = {Encyclopedia of library and information systems},
	Number = {Supplement 32},
	Pages = {175--186},
	Title = {Knowledge-based recommender systems},
	Volume = {69},
	Year = {2000}}

@incollection{ref:24,
	Author = {Felfernig, Alexander and Friedrich, Gerhard and Jannach, Dietmar and Zanker, Markus},
	Booktitle = {Recommender systems handbook},
	Pages = {187--215},
	Publisher = {Springer},
	Title = {Developing constraint-based recommenders},
	Year = {2011}}

@article{ref:25,
	Author = {Kolodner, Janet L},
	Journal = {Artificial Intelligence Review},
	Number = {1},
	Pages = {3--34},
	Publisher = {Springer},
	Title = {An introduction to case-based reasoning},
	Volume = {6},
	Year = {1992}}

@incollection{ref:26,
	Author = {Ricci, Francesco and Arslan, Bora and Mirzadeh, Nader and Venturini, Adriano},
	Booktitle = {Advances in Case-Based Reasoning},
	Pages = {613--627},
	Publisher = {Springer},
	Title = {ITR: a case-based travel advisory system},
	Year = {2002}}

@incollection{ref:27,
	Author = {Bridge, Derek and Ferguson, Alex},
	Booktitle = {Advances in Case-Based Reasoning},
	Pages = {43--57},
	Publisher = {Springer},
	Title = {Diverse product recommendations using an expressive language for case retrieval},
	Year = {2002}}

@incollection{ref:28,
	Author = {Smyth, Barry},
	Booktitle = {The adaptive web},
	Pages = {342--376},
	Publisher = {Springer},
	Title = {Case-based recommendation},
	Year = {2007}}

@incollection{ref:29,
	Author = {Rubens, Neil and Kaplan, Dain and Sugiyama, Masashi},
	Booktitle = {Recommender Systems Handbook},
	Pages = {735--767},
	Publisher = {Springer},
	Title = {Active learning in recommender systems},
	Year = {2011}}

@inproceedings{ref:30,
	Author = {Lamche, B{\'e}atrice and Trottmann, Uwe and W{\"o}rndl, Wolfgang},
	Booktitle = {Proceedings of the 4th Workshop on Context-Awareness in Retrieval and Recommendation},
	Organization = {ACM},
	Pages = {10--17},
	Title = {Active learning strategies for exploratory mobile recommender systems},
	Year = {2014}}

@inproceedings{ref:31,
	Author = {McGinty, Lorraine and Smyth, Barry},
	Booktitle = {Proceedings of the Workshop on Personalization and Web Techniques at the International Joint Conference on Artificial Intelligence (IJCAI-03)},
	Pages = {20--27},
	Title = {Tweaking critiquing},
	Year = {2003}}

@article{ref:32,
	Author = {Prahalad, CK},
	Journal = {American Management Association MwWorld},
	Title = {Beyond CRM: CK Prahalad predicts customer context is the next big thing},
	Year = {2004}}

@inproceedings{ref:33,
	Author = {Oku, Kenta and Nakajima, Shinsuke and Miyazaki, Jun and Uemura, Shunsuke},
	Booktitle = {Mobile Data Management, 2006. MDM 2006. 7th International Conference on},
	Organization = {IEEE},
	Pages = {109--109},
	Title = {Context-aware SVM for context-dependent information recommendation},
	Year = {2006}}

@article{ref:34,
	Author = {Wilson, D. Randall and Martinez, Tony R.},
	Journal = {arXiv preprint cs/9701101},
	Title = {Improved heterogeneous distance functions},
	Year = {1997}}

@incollection{ref:35,
	Author = {Shani, Guy and Gunawardana, Asela},
	Booktitle = {Recommender systems handbook},
	Pages = {257--297},
	Publisher = {Springer},
	Title = {Evaluating recommendation systems},
	Year = {2011}}

@article{ref:36,
	Author = {Greenwald, Anthony G},
	Journal = {Psychological Bulletin},
	Number = {2},
	Pages = {314},
	Publisher = {American Psychological Association},
	Title = {Within-subjects designs: To use or not to use?},
	Volume = {83},
	Year = {1976}}

@article{ref:37,
	Author = {Lewis, James R},
	Journal = {International Journal of Human-Computer Interaction},
	Number = {1},
	Pages = {57--78},
	Publisher = {Taylor \& Francis},
	Title = {IBM computer usability satisfaction questionnaires: psychometric evaluation and instructions for use},
	Volume = {7},
	Year = {1995}}

@inproceedings{ref:38,
	Author = {Chen, Li and Pu, Pearl},
	Booktitle = {Workshop SRS},
	Title = {User evaluation framework of recommender systems},
	Volume = {10},
	Year = {2010}}

@misc{ref:39,
	Author = {Shen, S and Blau, B},
	Publisher = {Gartner},
	Title = {Market Trends: Mobile App Stores, Worldwide, 2012},
	Year = {2012}}

@article{ref:40,
	Author = {Ricci, Francesco},
	Journal = {Information Technology \& Tourism},
	Number = {3},
	Pages = {205--231},
	Publisher = {Cognizant Communication Corporation},
	Title = {Mobile recommender systems},
	Volume = {12},
	Year = {2010}}

@url{ref:41,
	Author = {Wikipedia},
	Date-Added = {2014-07-22 15:10:06 +0000},
	Date-Modified = {2014-07-22 15:16:07 +0000},
	Month = {July},
	Title = {Indoor positioning system},
	Url = {http://en.wikipedia.org/wiki/Indoor_positioning_system},
	Year = {2014},
	Bdsk-Url-1 = {http://en.wikipedia.org/wiki/Indoor_positioning_system}}
